@inproceedings {butler,
	author = {Adam Bates and Dave (Jing) Tian and Kevin R.B. Butler and Thomas Moyer},
	title = {Trustworthy Whole-System Provenance for the Linux Kernel},
	booktitle = {24th USENIX Security Symposium (USENIX Security 15)},
	year = {2015},
	isbn = {978-1-931971-232},
	address = {Washington, D.C.},
	pages = {319--334},
	url = {https://www.usenix.org/conference/usenixsecurity15/technical-sessions/presentation/bates},
	publisher = {USENIX Association},
}
